ISA*03*9876543210*01*9876543210*30*000000005      *30*12345          *131031*1147*^*00501*000000907*1*T*:~
GS*HP*000000005*54321*20131031*1147*1*X*005010X221A1~
ST*835*112233~
BPR*I*945*C*ACH*CCP*01*888999777*DA*24681012*1935665544*01*111333555*DA*144444*20002316~
TRN*1*7170066655*1935665544~
DTM*405*20020314~
N1*PR*RUSHMORE LIFE~
N3*10 SOUTH AVENUE~
N4*RAPID CITY*SD*55111~
N1*PE*ACME MEDICAL CENTER*XX*5544667733~
REF*TJ*777667755~
LX*1~
CLP*5554555444*1*800*450*300*12*94060555410000~
CAS*CO*A2*50~
NM1*QC*1*BUDD*WILLIAM****MI*33344555510~
SVC*HC:99211*800*500~
DTM*150*20020301~
DTM*151*20020304~
CAS*PR*1*300~
CLP*8765432112*1*1200*495*600*12*94077799230000~
CAS*CO*A2*55~
NM1*QC*1*SETTLE*SUSAN****MI*44455666610~
SVC*HC:93555*1200*550~
DTM*150*20020310~
DTM*151*20020312~
CAS*PR*1*600~
CAS_CO*45*50~
SE*25*112233~
GE*1*1~
IEA*1*000000907~
