ISA*03*9876543210*01*9876543210*30*000000005      *30*12345          *131031*1147*^*00501*000000907*1*T*:~
GS*HP*000000005*54321*20131031*1147*1*X*005010X221A1~
ST*835*0001~
BPR*I*34.00*C*CHK***********20050318~
TRN*1*0063158ABC*1566339911~
REF*EV*030240928~
DTM*405*20050318~
N1*PR*YOUR TAX DOLLARS AT WORK~
N3*481A00 DEAR RUN ROAD~
N4*WEST PALM BCH*FL*11114~
N1*PE*ATONEWITHHEALTH*FI*3UR334563~
N3*3501 JOHNSON STREET~
N4*SUNSHINE*FL*12345~
REF*PQ*11861~
LX*1~
CLP*0001000055*2*541.00*34.00**12*50650619501~
NM1*QC*1*BURCK*RAYMOND*W***MI*987654321~
NM1*82*2*PROFESSIONAL TEST 1*****BS*34426~
DTM*232*20050202~
DTM*233*20050202~
SVC*HC>55669*541.00*34.00**1.00~
DTM*472*20050202~
CAS*OA*23*516.00~
CAS*OA*94*-9.00~
REF*1B*44280~
AMT*AU*550.00~
SE*25*0001~
GE*1*1~
IEA*1*000000907~