ISA*03*9876543210*01*9876543210*30*000000005      *30*12345          *131031*1147*^*00501*000000907*1*T*:~
GS*HP*000000005*54321*20131031*1147*1*X*005010X221A1~
ST*835*1234~
BPR*C*150000.00*C*ACH*CTX*01*99999992*DA*123456*1512345678**01*999988880*DA*98765*20020913~
TRN*1*12345*1512345678~
DTM*405*20020916~
N1*PR*INSURANCE COMPANY OF TIMBUCKTU~
N3*1 MAIN STREET~
N4*TIMBUCKTU*AK*89111~
REF*2U*999~
N1*PE*REGIONAL HOPE HOSPITAL*XX*6543210903~
LX*110212~
TS3*6543210903*11*20021231*1*211366.97****138018.40**73348.57~
TS2*2178.45*1919.71**56.82*197.69*4.23~
CLP*666123*1*211366.97*138018.40**MA*1999999444444*11*1~
CAS*CO*45*73348.57~
NM1*QC*1*JONES*SAM*O***HN*666666666A~
MIA*0***138018.40~
DTM*232*20020816~
DTM*233*20020824~
QTY*CA*8.00~
LX*130212~
TS3*6543210909*13*19961231*1*15000.00****11980.33**3019.67~
CLP*777777*1*15000.00*11980.33**MB*1999999444445*13*1~
CAS*CO*45*3019.67~
NM1*QC*1*BORDER*LIZ*E***HN*996669999B~
MOA***MA02~
DTM*232*20020512~
PLB*6543210903*20021231*CV:CP*-1.27~
SE*28*1234~
GE*1*1~
IEA*1*000000907~