ISA*03*9876543210*01*9876543210*30*000000005      *30*12345          *131031*1147*^*00501*000000907*1*T*:~
GS*HP*000000005*54321*20131031*1147*1*X*005010X221A1~
ST*835*1234~
BPR*I*1222.00*C*CHK***********20050412~
TRN*1*0012524965*1559123456~
REF*EV*030240928~
DTM*405*20050412~
N1*PR*YOUR TAX DOLLARS AT WORK~
N3*481A00 DEAR RUN ROAD~
N4*WEST PALM BCH*FL*11114~
N1*PE*ACME MEDICAL CENTER*FI*599944521~
N3*PO BOX 863382~
N4*ORLANDO*FL*55115~
REF*PQ*10488~
LX*1~
CLP*L0004828311*2*10323.64*912.00**12*05090256390*11*1~
CAS*OA*23*9411.64~
NM1*QC*1*TOWNSEND*WILLIAM*P***MI*XXX123456789~
NM1*82*2*ACME MEDICAL CENTER*****BD*987~
DTM*232*20050303~
DTM*233*20050304~
AMT*AU*912.00~
LX*2~
CLP*0001000053*2*751.50*310.00*220.00*12*05630626430~
NM1*QC*1*BAKI*ANGI****MI*456789123~
NM1*82*2*SMITH JONES PA*****BS*34426~
DTM*232*20050106~
DTM*233*20050106~
SVC*HC>12345>26*166.50*30.00**1.00~
DTM*472*20050106~
CAS*OA*23*136.50~
REF*1B*43285~
AMT*AU*150.00~
SVC*HC>66543>26*585.00*280.00*220*1.00~
DTM*472*20050106~
CAS*PR*1*150.00**2*70.00~
CAS*CO*42*85.00~
REF*1B*43285~
AMT*AU*500.00~
SE*38*1234~
GE*1*1~
IEA*1*000000907~