ISA*03*9876543210*01*9876543210*30*000000005      *30*12345          *131031*1147*^*00501*000000907*1*T*:~
GS*HP*000000005*54321*20131031*1147*1*X*005010X221A1~
ST*835*0001~
BPR*I*187.50*C*CHK***********20050412~
TRN*1*0012524879*1559123456~
REF*EV*030240928~
DTM*405*20050412~
N1*PR*YOUR TAX DOLLARS AT WORK~
N3*481A00 DEAR RUN ROAD~
N4*WEST PALM BCH*FL*11114~
N1*PE*ACME MEDICAL CENTER*FI*599944521~
N3*PO BOX 863382~
N4*ORLANDO*FL*55115~
REF*PQ*10488~
LX*1~
CLP*0001000054*3*1766.50*187.50**12*50580155533~
NM1*QC*1*ISLAND*ELLIS*E***MI*789123456~
NM1*82*2*JONES JONES ASSOCIATES*****BS*AB34U~
DTM*232*20050120~
SVC*HC*24599.00*1766.50*187.50**1~
DTM*472*20050120~
CAS*OA*23*1579.00~
REF*1B*44280~
AMT*AU*1700.00~
SE*23*0001~
GE*1*1~
IEA*1*000000907~